%% This BibTeX bibliography file was created using BibDesk.
%% https://bibdesk.sourceforge.io/

%% Created for xun su at 2022-09-13 15:49:39 +0900 


%% Saved with string encoding Unicode (UTF-8) 



@inproceedings{NEURIPS2021_7b5b23f4,
	author = {Yamada, Hiroaki and Yamada, Makoto},
	booktitle = {Advances in Neural Information Processing Systems},
	date-added = {2022-09-13 15:49:32 +0900},
	date-modified = {2022-09-13 15:49:32 +0900},
	editor = {M. Ranzato and A. Beygelzimer and Y. Dauphin and P.S. Liang and J. Wortman Vaughan},
	pages = {14645--14655},
	publisher = {Curran Associates, Inc.},
	title = {Dynamic Sasvi: Strong Safe Screening for Norm-Regularized Least Squares},
	url = {https://proceedings.neurips.cc/paper/2021/file/7b5b23f4aadf9513306bcd59afb6e4c9-Paper.pdf},
	volume = {34},
	year = {2021},
	bdsk-url-1 = {https://proceedings.neurips.cc/paper/2021/file/7b5b23f4aadf9513306bcd59afb6e4c9-Paper.pdf}}

@article{7586038,
	author = {Courty, Nicolas},
	date-modified = {2022-09-12 19:00:25 +0900},
	doi = {10.1109/TPAMI.2016.2615921},
	journal = {IEEE Transactions on Pattern Analysis and Machine Intelligence},
	number = {9},
	pages = {1853-1865},
	title = {Optimal Transport for Domain Adaptation},
	volume = {39},
	year = {2017},
	bdsk-url-1 = {https://doi.org/10.1109/TPAMI.2016.2615921}}

@inproceedings{arjovsky2017wasserstein,
	author = {Arjovsky, Martin and Chintala, Soumith and Bottou, L{\'e}on},
	booktitle = {International conference on machine learning},
	organization = {PMLR},
	pages = {214--223},
	title = {Wasserstein generative adversarial networks},
	year = {2017}}
