@article{DBLP:journals/corr/abs-2002-03293,
  author    = {Khiem Pham and
               Khang Le and
               Nhat Ho and
               Tung Pham and
               Hung Bui},
  title     = {On Unbalanced Optimal Transport: An Analysis of Sinkhorn Algorithm},
  journal   = {CoRR},
  volume    = {abs/2002.03293},
  year      = {2020},
  url       = {https://arxiv.org/abs/2002.03293},
  eprinttype = {arXiv},
  eprint    = {2002.03293},
  timestamp = {Mon, 31 Jan 2022 08:40:32 +0100},
  biburl    = {https://dblp.org/rec/journals/corr/abs-2002-03293.bib},
  bibsource = {dblp computer science bibliography, https://dblp.org}
}
@misc{https://doi.org/10.48550/arxiv.2106.04145,
  doi = {10.48550/ARXIV.2106.04145},
  
  url = {https://arxiv.org/abs/2106.04145},
  
  author = {Chapel, Laetitia and Flamary, Rémi and Wu, Haoran and Févotte, Cédric and Gasso, Gilles},
  
  keywords = {Optimization and Control (math.OC), Machine Learning (cs.LG), Machine Learning (stat.ML), FOS: Mathematics, FOS: Mathematics, FOS: Computer and information sciences, FOS: Computer and information sciences},
  
  title = {Unbalanced Optimal Transport through Non-negative Penalized Linear Regression},
  
  publisher = {arXiv},
  
  year = {2021},
  
  copyright = {arXiv.org perpetual, non-exclusive license}
}
@inproceedings{NEURIPS2021_7b5b23f4,
 author = {Yamada, Hiroaki and Yamada, Makoto},
 booktitle = {Advances in Neural Information Processing Systems},
 editor = {M. Ranzato and A. Beygelzimer and Y. Dauphin and P.S. Liang and J. Wortman Vaughan},
 pages = {14645--14655},
 publisher = {Curran Associates, Inc.},
 title = {Dynamic Sasvi: Strong Safe Screening for Norm-Regularized Least Squares},
 url = {https://proceedings.neurips.cc/paper/2021/file/7b5b23f4aadf9513306bcd59afb6e4c9-Paper.pdf},
 volume = {34},
 year = {2021}
}
@article{ghaoui2010safe,
  title={Safe feature elimination for the lasso and sparse supervised learning problems},
  author={Ghaoui, Laurent El and Viallon, Vivian and Rabbani, Tarek},
  journal={arXiv preprint arXiv:1009.4219},
  year={2010}
}
@article{Tibshirani_2011,
	doi = {10.1214/11-aos878},
  
	url = {https://doi.org/10.1214%2F11-aos878},
  
	year = 2011,
	month = {jun},
  
	publisher = {Institute of Mathematical Statistics},
  
	volume = {39},
  
	number = {3},
  
	author = {Ryan J. Tibshirani and Jonathan Taylor},
  
	title = {The solution path of the generalized lasso},
  
	journal = {The Annals of Statistics}
	
@INPROCEEDINGS{9414183,
  author={Dantas, Cássio F. and Soubies, Emmanuel and Févotte, Cédric},
  booktitle={ICASSP 2021 - 2021 IEEE International Conference on Acoustics, Speech and Signal Processing (ICASSP)}, 
  title={Safe Screening for Sparse Regression with the Kullback-Leibler Divergence}, 
  year={2021},
  volume={},
  number={},
  pages={5544-5548},
  doi={10.1109/ICASSP39728.2021.9414183}}